@inproceedings{BelayPKGKB14,
  author    = {Adam Belay and
               George Prekas and
               Ana Klimovic and
               Samuel Grossman and
               Christos Kozyrakis and
               Edouard Bugnion},
  title     = {{IX:} {A} Protected Dataplane Operating System for High Throughput
               and Low Latency},
  booktitle = {11th {USENIX} Symposium on Operating Systems Design and Implementation,
               {OSDI} '14, Broomfield, CO, USA, October 6-8, 2014.},
  pages     = {49--65},
  year      = {2014},
  crossref  = {DBLP:conf/osdi/2014},
  url       = {https://www.usenix.org/conference/osdi14/technical-sessions/presentation/belay},
  timestamp = {Tue, 18 Nov 2014 17:21:14 +0100},
  biburl    = {http://dblp.uni-trier.de/rec/bib/conf/osdi/BelayPKGKB14},
  bibsource = {dblp computer science bibliography, http://dblp.org}
}

@inproceedings{DBLP:conf/sosp/EnglerKO95,
  author    = {Dawson R. Engler and
               M. Frans Kaashoek and
               James O'Toole},
  title     = {Exokernel: An Operating System Architecture for Application-Level
               Resource Management},
  booktitle = {Proceedings of the Fifteenth {ACM} Symposium on Operating System Principles,
               {SOSP} 1995, Copper Mountain Resort, Colorado, USA, December 3-6,
               1995},
  pages     = {251--266},
  year      = {1995},
  crossref  = {DBLP:conf/sosp/95},
  url       = {http://doi.acm.org/10.1145/224056.224076},
  doi       = {10.1145/224056.224076},
  timestamp = {Mon, 22 Jun 2015 18:09:35 +0200},
  biburl    = {http://dblp.uni-trier.de/rec/bib/conf/sosp/EnglerKO95},
  bibsource = {dblp computer science bibliography, http://dblp.org}
}

@inproceedings{DBLP:conf/hotos/EnglerK95,
  author    = {Dawson R. Engler and
               M. Frans Kaashoek},
  title     = {Exterminate all operating system abstractions},
  booktitle = {Fifth Workshop on Hot Topics in Operating Systems, HotOS-V, Orcas
               Island, Washington, USA, May 4-5, 1995},
  pages     = {78--85},
  year      = {1995},
  crossref  = {DBLP:conf/hotos/1995},
  url       = {https://doi.org/10.1109/HOTOS.1995.513459},
  doi       = {10.1109/HOTOS.1995.513459},
  timestamp = {Wed, 17 May 2017 14:24:49 +0200},
  biburl    = {http://dblp.uni-trier.de/rec/bib/conf/hotos/EnglerK95},
  bibsource = {dblp computer science bibliography, http://dblp.org}
}

@inproceedings{DBLP:conf/sosp/KaashoekEGBHMPGM97,
  author    = {M. Frans Kaashoek and
               Dawson R. Engler and
               Gregory R. Ganger and
               H{\'{e}}ctor M. Brice{\~{n}}o and
               Russell Hunt and
               David Mazi{\`{e}}res and
               Thomas Pinckney and
               Robert Grimm and
               John Jannotti and
               Kenneth Mackenzie},
  title     = {Application Performance and Flexibility on Exokernel Systems},
  booktitle = {Proceedings of the Sixteenth {ACM} Symposium on Operating System Principles,
               {SOSP} 1997, St. Malo, France, October 5-8, 1997},
  pages     = {52--65},
  year      = {1997},
  crossref  = {DBLP:conf/sosp/1997},
  url       = {http://doi.acm.org/10.1145/268998.266644},
  doi       = {10.1145/268998.266644},
  timestamp = {Mon, 22 Jun 2015 17:24:48 +0200},
  biburl    = {http://dblp.uni-trier.de/rec/bib/conf/sosp/KaashoekEGBHMPGM97},
  bibsource = {dblp computer science bibliography, http://dblp.org}
}

@article{DBLP:journals/tocs/CaoFKL96,
  author    = {Pei Cao and
               Edward W. Felten and
               Anna R. Karlin and
               Kai Li},
  title     = {Implementation and Performance of Integrated Application-Controlled
               File Caching, Prefetching, and Disk Scheduling},
  journal   = {{ACM} Trans. Comput. Syst.},
  volume    = {14},
  number    = {4},
  pages     = {311--343},
  year      = {1996},
  url       = {http://doi.acm.org/10.1145/235543.235544},
  doi       = {10.1145/235543.235544},
  timestamp = {Mon, 24 Nov 2003 07:58:43 +0100},
  biburl    = {http://dblp.uni-trier.de/rec/bib/journals/tocs/CaoFKL96},
  bibsource = {dblp computer science bibliography, http://dblp.org}
}

@article{DBLP:journals/sigops/HartyC92,
  author    = {Kieran Harty and
               David R. Cheriton},
  title     = {Application-Controlled Physical Memory using External Page-Cache Management
               (Abstract)},
  journal   = {Operating Systems Review},
  volume    = {26},
  number    = {2},
  pages     = {19},
  year      = {1992},
  url       = {http://doi.acm.org/10.1145/142111.964620},
  doi       = {10.1145/142111.964620},
  timestamp = {Sat, 09 Jan 2010 20:50:23 +0100},
  biburl    = {http://dblp.uni-trier.de/rec/bib/journals/sigops/HartyC92},
  bibsource = {dblp computer science bibliography, http://dblp.org}
}

@misc{intel2014data,
  title={Data plane development kit},
  author={Intel and
         DPDK},
  url={http://dpdk.org/},
  year={2014}
}

@misc{intel2016storage,
  title={Storage Performance Development Kit},
  url={http://www.spdk.io/},
  author={Intel and
          SPDK},
  year={2016}
}

@misc{microsoftspy,
  title={Microsoft Admits Windows 10 Automatic Spying Cannot Be Stopped},
  url={https://www.forbes.com/sites/gordonkelly/2015/11/02/microsoft-confirms-unstoppable-windows-10-tracking},
  author={Gordon Kelly and Forbes},
  year={2015}
}